<record><leader>00000cas a2200000 a 4500</leader><controlfield tag="001">13695453</controlfield><controlfield tag="008">860606d19091942txucr ne      0    0eng d</controlfield><datafield ind1=" " ind2=" " tag="010"><subfield code="a">sn 86063732 </subfield></datafield><datafield ind1=" " ind2=" " tag="040"><subfield code="a">KSH</subfield><subfield code="b">eng</subfield><subfield code="c">KSH</subfield><subfield code="d">NPT</subfield><subfield code="d">PPM</subfield><subfield code="d">OCL</subfield><subfield code="d">OCLCQ</subfield></datafield><datafield ind1=" " ind2=" " tag="042"><subfield code="a">msc</subfield></datafield><datafield ind1="0" ind2="4" tag="245"><subfield code="a">The Brady standard.</subfield></datafield><datafield ind1=" " ind2=" " tag="260"><subfield code="a">Brady, Tex. :</subfield><subfield code="b">John E. Cooke</subfield></datafield><datafield ind1=" " ind2=" " tag="300"><subfield code="a">v. :</subfield><subfield code="b">ill. ;</subfield><subfield code="c">55 cm.</subfield></datafield><datafield ind1=" " ind2=" " tag="310"><subfield code="a">Semiweekly,</subfield><subfield code="b">May 17, 1910-</subfield></datafield><datafield ind1=" " ind2=" " tag="321"><subfield code="a">Weekly,</subfield><subfield code="b">&lt;May,1909-May 12, 1910&gt;</subfield></datafield><datafield ind1="1" ind2=" " tag="362"><subfield code="a">Began in 1909.</subfield></datafield><datafield ind1="0" ind2=" " tag="362"><subfield code="a">-v. 34, no. 64 (Nov. 6, 1942).</subfield></datafield><datafield ind1=" " ind2=" " tag="580"><subfield code="a">Merged with: Heart o'Texas news, to form: Brady standard and Heart o'Texas news.</subfield></datafield><datafield ind1=" " ind2=" " tag="580"><subfield code="a">Absorbed: Brady enterprise, and: McCulloch County star on May 2, 1910.</subfield></datafield><datafield ind1=" " ind2=" " tag="588"><subfield code="a">Description based on: Vol. 1, no. 2 (Apr. 1, 1909).</subfield></datafield><datafield ind1=" " ind2=" " tag="752"><subfield code="a">United States</subfield><subfield code="b">Texas</subfield><subfield code="c">McCulloch</subfield><subfield code="d">Brady.</subfield></datafield><datafield ind1="0" ind2="5" tag="780"><subfield code="t">Brady enterprise</subfield></datafield><datafield ind1="0" ind2="5" tag="780"><subfield code="t">McCulloch County star</subfield></datafield><datafield ind1="1" ind2="7" tag="785"><subfield code="t">Heart o' Texas news</subfield></datafield><datafield ind1="1" ind2="7" tag="785"><subfield code="t">Brady standard and Heart o' Texas news</subfield></datafield><datafield ind1="1" ind2=" " tag="029"><subfield code="a">AU@</subfield><subfield code="b">000022168851</subfield></datafield></record>